@ARTICLE{prodir,
  author = {Ravi Chugh and Jacob Albers and Mitchell Spradlin},
  title = {Program Synthesis for Direct Manipulation Interfaces},
  journal={ArxiV},
  year = {2015},
  otherinfo = {}
}

@INCOLLECTION{oxfordPC,
  author = {John Roeder},
  booktitle = {Grove Music Online, Oxford Music Online},
  title = {Pitch Class},
  publisher = {Oxford University Press},
  year = {2015},
  otherinfo = {Pitch Class}
}

@BOOK{HSoM
  ,author={Paul Hudak}
  ,title={The Haskell School of Music -- From Signals to Symphonies}
  ,publisher={(Version 2.6)}
  ,year=2015
  ,month={January}
} 

@ONLINE{eut,
  title={Euterpea},
  author={{The Yale Haskell Group}},
  year={2015},
  url={http://haskell.cs.yale.edu/euterpea/},
}

@ONLINE{parsec,
  title = {Parsec: Monadic parser combinators},
  author = {Daan Leijen and Paolo Martini and Antoine Latter},
  year = {2015},
  url = {https://hackage.haskell.org/package/parsec}
}

@INBOOK{max,
  author = {Jeffrey Hass},
  title = {Introduction to Computer Music: Volume 1},
  chapter = {5},
  publisher = {Indiana University},
  year = {2013},
  url = {http://www.indiana.edu/~emusic/etext/digital_audio/chapter5_digital2.shtml}
}

@ONLINE{csound,
  title={Csound},
  year = {2015},
  author={{Csound Development Team}},
  url = {http://www.csounds.com/}
}

@ONLINE{maxmsp,
  title={{Max/MSP}},
  author={{Cycling '74}},
  url={https://cycling74.com/products/max/},
  year={2015}
}

@ONLINE{chuck,
  title={{ChucK}},
  author={Ge Wang},
  year={2015},
  url={http://chuck.cs.princeton.edu/}
}

@INPROCEEDINGS{chuckpaper,
  author = {Ge Wang and Perry Cook},
  title = {{ChucK}: A programming language for on-the-fly, real-time audio
    synthesis and multimedia},
  booktitle = {Proceedings of the 12th Annual {ACM} international conference on
  {Multimedia}},
  year = {2004},
}

@ONLINE{finale,
  author = {{MakeMusic}},
  title = {Finale Music Notation Software},
  year={2015},
  url={http://www.finalemusic.com/}
}

@ONLINE{sibelius,
  author={Avid Technology},
  title={Sibelius},
  year={2015},
  url={http://www.sibelius.com/home/index_flash.html}
}

@ONLINE{rosegarden,
  author={Chris Channam and McIntyre, D. Michael},
  title={Rosegarden: Music software for {Linux}},
  year={2015},
  url={http://www.rosegardenmusic.com/}
}
